<?xml version="1.0" encoding="UTF-8"?><collection xmlns="http://www.loc.gov/MARC21/slim"><record><leader>00401nam--2200133-i-4500</leader><controlfield tag="001">000030317</controlfield><controlfield tag="002">20161230</controlfield><controlfield tag="005">20161230201038</controlfield><controlfield tag="008">060222s1000------------r-----000-0-eng-d</controlfield><datafield ind1=" " ind2=" " tag="100"><subfield code="a">Mandel, Heinrich Und Fucks, Wilhelm</subfield></datafield><datafield ind1=" " ind2=" " tag="245"><subfield code="a">Atomenergie und elektrizitatserzeugung</subfield></datafield><datafield ind1=" " ind2=" " tag="260"><subfield code="a">Munchen, R. Oldenbourg, 1956, 67p</subfield></datafield><datafield ind1=" " ind2=" " tag="490"><subfield code="a">Energiewirtschaftliches Institut An Der Universitat Koln</subfield></datafield><datafield ind1=" " ind2=" " tag="852"><subfield code="a">12681</subfield></datafield></record></collection>